2978 4804
500 353 564 424 136
669 357 866 419 ALGEBRAE
887 351 1200 420 strutusonuii

451 466 495 520 ex
511 440 812 538 multiplicatione
825 443 934 542 lpsrus
952 468 972 534 5
988 467 1048 536 per
1060 447 1248 526 unitatema
1260 439 1332 516 erit
1345 443 1394 517 lta

449 546 484 620 le
497 545 645 622 duarum
671 547 1006 634 dimensionum&
1032 545 1292 644 consequenter
1318 559 1392 618 ter·

449 656 535 724 tius
555 652 783 737 terminass-
800 673 847 749 sar
870 671 940 726 tres
965 652 1201 728 dimensiones
1228 648 1393 724 babebit.

449 753 579 851 Atque
593 757 641 826 ita
653 769 800 854 qnoque
814 801 825 836 ,
841 756 864 828 sr
881 755 1047 832 ultimum
1075 753 1265 829 terminum
1279 755 1320 834 ‹l-
1345 771 1390 841 15

450 857 706 932 consideremus
728 905 741 942 ,
767 859 882 933 veluti
907 868 1070 958 genitum
1095 881 1142 932 err
1170 855 1390 951 multiplica·

451 961 553 1033 tione
578 960 733 1047 ejusdem
760 961 897 1036 numeri
916 985 961 1061 ις
978 986 1038 1060 per
1062 961 1278 1058 quadratum
1306 957 1388 1032 uni·

450 1065 559 1141 tatiss
575 1069 612 1136 iu
637 1089 681 1138 eo
709 1082 781 1140 trer
796 1072 880 1140 stem
896 1062 1128 1144 dimensrones
1141 1075 1317 1160 poterunt
1330 1060 1386 1134 dr·

450 1167 596 1265 stingui.
1142 1247 1145 1254 ,

504 1293 591 1369 354.
641 1272 1390 1367 l-laeceademterminorumhoruogenestae

449 1373 485 1449 iu
501 1377 766 1472 equationibus
783 1376 997 1454 litteralibus
1009 1375 1253 1471 semperetiam
1267 1373 1385 1446 locum

447 1479 608 1564 babebit,
625 1483 685 1555 ubi
703 1489 842 1556 nomina
857 1477 1123 1578 quantitatibus
1138 1479 1390 1574 imponuntur,

450 1581 641 1658 secundum
656 1589 833 1680 propriam
849 1589 996 1681 ipsarum
1018 1598 1177 1656 naturam
1190 1594 1204 1660 i
1219 1581 1290 1653 hoc
1318 1575 1381 1663 ell,

450 1685 513 1758 ubi
530 1687 759 1784 designantur
773 1697 875 1764 unica
893 1691 1011 1762 littera
1024 1691 1246 1781 quantitates
1276 1686 1383 1756 unius

451 1789 691 1873 dimensioniar
704 1793 843 1868 duabus
856 1793 987 1870 litteris
1001 1837 1012 1872 ‚
1027 1811 1087 1883 per
1102 1789 1134 1860 se
1149 1807 1281 1862 mutuo
1294 1785 1386 1860 mul·

452 1895 625 1988 tiplicatis
654 1939 665 1975 a
690 1905 911 1992 quantitates
924 1897 1075 1970 duarum
1101 1892 1385 1965 dimenfionuma

450 2013 560 2092 atque
576 1999 624 2071 ita
638 2001 682 2071 de
711 2001 789 2072 aliis
803 2049 814 2074 .
828 1999 943 2086 lta‚fi
969 2006 1006 2072 in
1038 1995 1220 2092 triangulo
1248 1991 1388 2066 isosceli
1467 2025 1468 2030 ¹

450 2117 630 2194 quaeratur
647 2105 937 2199 perpendiculum
951 2157 963 2189 ,
976 2098 1158 2176 demissum
1173 2097 1275 2192 super
1289 2095 1380 2183 basr,

449 2225 496 2275 ex
514 2201 606 2277 datis
630 2229 736 2288 area,
761 2209 795 2281 8<
824 2210 1053 2299 perimetros
1082 2202 1285 2275 invenietur
1308 2203 1385 2272 lure

450 2311 608 2402 aequatio
622 2325 665 2384 rra
679 2323 819 2384 >aaut
834 2317 874 2395 -l-
891 2315 979 2387 aabc
992 2331 1071 2383 xo
1089 2361 1099 2394 ‚
1116 2308 1151 2379 in
1167 2327 1237 2404 qua
1261 2320 1382 2376 omnes

452 2413 593 2484 termini
608 2414 689 2484 l'uur
705 2415 938 2509 homogeneir
963 2411 1134 2506 fiquidem
1160 2406 1296 2512 semissis
1322 2407 1382 2478 da·

452 2530 495 2586 tre
511 2516 688 2604 perimetri
704 2557 714 2596 a
730 2521 832 2588 velut
847 2518 956 2590 unius
969 2513 1195 2590 dimensionis
1209 2557 1219 2592 2
1233 2527 1381 2584 vocetur

451 2637 486 2693 es
502 2620 537 2690 Sc
550 2643 626 2691 area
640 2617 736 2704 data,
748 2639 924 2718 tamquam
938 2623 1090 2694 duarum
1107 2615 1380 2693 dlmensrouurln
1468 2677 1469 2680 ,

449 2728 672 2799 νοεεωτόε.

501 2845 587 2922 355·
636 2828 751 2932 Quod
767 2830 789 2902 st
803 2845 921 2904 autem
934 2825 1180 2899 denominatio
1194 2821 1381 2922 quantita·

448 2943 526 3002 tum
540 2953 613 3004 non
627 2932 688 3006 fiat
702 2987 712 3018 ,
728 2922 921 3008 secuudum
936 2935 1109 3028 propriant
1135 2951 1254 3002 earum
1280 2941 1388 2996 netu-

450 3055 548 3112 ram3
565 3056 651 3110 tunc
663 3037 828 3132 equidem
844 3036 1064 3132 aequatiorres
1079 3076 1090 3112 i
1104 3055 1184 3128 quar
1211 3053 1277 3128 pro
1291 3025 1385 3100 reso*

450 3132 591 3210 lutione
613 3139 871 3233 problematum
900 3143 1134 3210 inveniuntur
1149 3181 1159 3214 ‚
1176 3159 1249 3206 non
1280 3129 1384 3203 habe·

450 3233 545 3310 bunt
571 3261 693 3314 omnes
721 3243 891 3314 terminos
906 3245 1149 3337 homogeneos
1176 3289 1187 3311 .
1215 3240 1292 3320 lta,
1310 3231 1331 3304 sr
1347 3232 1387 3306 in

449 3340 629 3441 triangulo
643 3339 853 3444 reslaugulo
865 3369 910 3420 ex
923 3349 1015 3418 datis
1039 3366 1113 3416 area
1127 3387 1137 3424 a
1151 3343 1188 3417 8(
1205 3338 1388 3435 hypothe-

450 3441 1131 3546 nusaquorauturcrura,voceturque
1154 3467 1176 3519 a
1203 3444 1389 3545 hypothe-

451 3546 535 3646 nusa
549 3553 628 3626 data
643 3597 654 3634 ‚
667 3553 689 3621 b
701 3551 852 3644 duplum
880 3556 971 3626 datae
983 3575 1069 3626 areae
1084 3595 1095 3632 ‚
1109 3551 1144 3625 sla
1158 3573 1184 3624 rr
1198 3571 1311 3622 unum
1336 3565 1388 3618 ex

450 3657 637 3748 artuum„
653 3653 812 3755 prodibit
836 3658 911 3730 bec
925 3657 1081 3756 equatio
1106 3661 1326 3730 εσυ-ΜΨ
1342 3652 1386 3732 ÷

450 3751 494 3824 b³
510 3785 555 3834 ’κ
569 3787 588 3837 o
603 3818 613 3852 ‚
630 3767 664 3836 in
678 3785 748 3860 qua
763 3783 834 3832 non
849 3783 970 3834 omnes
983 3761 1126 3838 termini
1153 3757 1234 3830 suut
1261 3757 1389 3828 homo·

454 3875 558 3961 genes
573 3927 583 3949 .
597 3871 711 3979 Quod
726 3865 802 3940 saue
812 3887 857 3998 ex
869 3887 914 3938 eo
927 3867 1040 3965 repeti
1059 3865 1168 3938 debet
1182 3903 1195 3946 r
1209 3859 1407 4035 quiqprea.
