3012 4810
253 331 461 392 carere
516 323 781 394 saeuum
815 329 901 392 us.
972 344 1008 398 ις

152 421 221 494 61.
274 415 463 490 Caeterum
491 413 567 490 non
593 415 643 491 cli
672 417 730 491 laic
757 417 899 490 silentio
930 435 1056 510 praete·

97 520 304 601 reundum,
321 519 552 616 problematis
569 520 679 619 hujus
694 521 782 596 duaa
794 523 865 596 dari
883 519 980 617 polle
1001 522 1059 593 so·

98 625 265 701 lotiones
282 621 598 722 cquandoquidem
629 624 1054 722 perpendendumque

96 723 1054 912 nunturultillinierunt:

96 957 176 1034 que
193 975 205 1017 ,
221 949 296 1010 turn
322 947 475 1032 tangent
492 933 573 1017 EF}
592 961 673 1013 cum
689 953 840 1034 tangens
853 937 895 1032 es
912 936 1052 1033 proble-

21 1066 23 1094 =
100 1039 191 1116 anati
216 1035 403 1116 satisfaciet
420 1089 429 1112 .
445 1035 522 1114 line
554 1042 640 1115 vero
656 1043 746 1140 ipsas
758 1042 815 1122 EF
829 1081 840 1120 a
855 1039 1052 1133 eflubinde

103 1141 215 1218 seclus
230 1143 266 1216 iu
281 1141 430 1242 prandiis
461 1145 523 1232 D,
538 1139 611 1222 &d
627 1202 638 1233 ,
655 1165 696 1220 ut
713 1149 749 1218 in
765 1147 887 1220 eadem
914 1140 1053 1220 ratione

95 1243 274 1322 radiorum
290 1247 362 1323 AG
379 1292 391 1330 ,
407 1249 471 1322 BG
488 1250 529 1323 srt
545 1267 614 1325 tam
628 1249 696 1326 DE
708 1251 750 1322 ad
764 1247 833 1324 DF
849 1295 861 1330 .
877 1271 984 1352 quarn
1009 1251 1053 1324 de

93 1349 144 1426 ad
153 1347 202 1448 ds
208 1378 220 1436 i
236 1349 339 1426 facile
354 1377 400 1428 ex
416 1350 523 1428 dietis
549 1355 673 1454 colligi
700 1353 831 1455 potest.
1131 1369 1134 1384 '

94 1552 161 1640 rt.
188 1559 350 1639 Veterem
364 1563 513 1660 anobis
528 1564 739 1655 geometrice
763 1577 826 1664 pre
852 1559 1054 1664 demonstre-

377 1669 478 1765 ⁴tione
495 1665 744 1742 theorematum
761 1717 771 1740 .

146 1874 213 1953 62.
374 1870 565 1950 Onmodo
592 1873 630 1974 iar
656 1873 873 1950 resolutione
900 1873 1046 1974 proble-

11 2069 12 2078 ἵ
389 1996 524 2052 matum
542 1977 739 2054 utebantur
753 1979 904 2054 Veteres
918 1983 1043 2075 arraly.

11 2089 12 2094 ’
91 2083 258 2170 li‚ve'rum
278 2080 383 2154 etlam
405 2081 439 2152 in
454 2079 753 2157 demonstratione
768 2085 1041 2164 theorematum..

93 2187 170 2264 Ubi
185 2189 279 2258 euim
293 2179 441 2282 quaestio
454 2203 527 2260 erat
542 2187 586 2258 dc
605 2187 756 2262 veritate
770 2187 921 2282 alicujus
938 2189 1043 2259 theo.

93 2297 233 2367 remotis
251 2288 495 2373 ,allumebant
521 2289 609 2365 illud
629 2303 804 2388 tamquam
816 2289 887 2388 jam
904 2313 1041 2365 verum.

92 2397 140 2472 Et
171 2393 371 2492 liquidem,
398 2393 608 2468 resolvendo
635 2395 908 2492 progredientes
923 2435 936 2470 a
951 2397 1041 2466 incl·

92 2499 227 2572 debant
257 2497 395 2573 tandem
422 2499 458 2571 in
475 2501 659 2572 veritatem
675 2501 829 2594 aliquam
847 2549 857 2580 ,
870 2495 941 2595 jam
957 2494 1041 2594 ἱρῆς
1178 2523 1180 2530 ·

90 2605 276 2701 cognitam
293 2623 358 2680 rac
383 2602 607 2699 exploratam
624 2621 636 2679 3
651 2601 695 2673 de
709 2600 882 2698 allumpta
911 2607 1041 2672 verita·

91 2723 126 2778 te
155 2706 387 2782 theorematis
415 2729 480 2778 nee
521 2708 607 2776 item
648 2703 864 2778 dubitabant
893 2733 902 2776 a
931 2726 1037 2800 quam

86 2813 197 2882 etlam
211 2807 416 2902 synthetice
431 2804 682 2884 ostendebant,
698 2807 911 2878 invertendo
928 2810 1043 2880 ratio.

86 2911 227 2988 oinium
247 2910 367 3002 ‚quod
381 2909 499 2982 eoead
525 2914 715 2994 ueritatem
741 2907 843 2998 illam
862 2909 1039 2981 manudu-

84 3021 176 3091 xit.
204 3009 363 3088 Vicillim
395 3009 543 3094 vero,sr
575 3035 612 3084 ea
642 3007 820 3106 politione
846 3010 1038 3090 absordum
1195 3035 1209 3060 *

85 3115 236 3216 aliquod
253 3115 336 3210 ipsu
350 3113 588 3195 onerabatur
605 3115 728 3190 falsum
758 3113 825 3189 else
849 3119 1035 3194 tlieorema

90 3223 206 3319 ipsum
224 3266 236 3306 ,
251 3215 367 3294 stetim
383 3219 659 3296 concludebant.

138 3330 203 3427 63.
257 3324 311 3398 Ut
329 3323 351 3396 sa
370 3326 541 3400 habeatur
568 3324 724 3402 circulus
747 3324 878 3414 ADB,
905 3323 1031 3400 deseri·
1061 3337 1180 3416 rieul

87 3435 173 3530 ptus
188 3445 315 3505 centro
330 3427 366 3504 C
382 3483 393 3517 ,
409 3427 667 3528 intervalloque
694 3431 768 3507 CA
783 3476 794 3510 .
810 3439 866 3510 vel
893 3431 956 3503 CB
970 3475 980 3510 a
995 3431 1032 3506 dc

86 3551 134 3612 ert
146 3529 271 3633 aliquo
292 3533 592 3610 circumferentia
621 3531 761 3630 punito
778 3527 1033 3611 Dderniiload

84 3639 295 3712 diametrum
325 3639 391 3714 AB
418 3639 674 3734 perpendiculo
699 3637 768 3714 DE
798 3693 809 3728 ,
836 3655 1033 3740 queratur.

86 3749 174 3817 dum
185 3741 254 3818 nli
265 3743 478 3840 quadratum
494 3741 533 3816 ir
548 3743 680 3839 :equale
694 3741 906 3844 ecdiangulo
920 3737 1033 3823 'AEBa

85 3845 250 3922 adbibita
266 3847 442 3925 ueterem
457 3847 602 3948 analysn
616 3847 753 3936 licebit,
769 3849 809 3924 ld
823 3851 1033 3945 expeririin

572 3951 603 4034 B
651 3975 680 4048 4
883 3953 983 4028 bueo
