3012 4810
491 227 508 286 1
652 229 850 294 AIGEBRAE
872 171 1185 296 trementum

316 297 321 312 ’
442 314 636 392 adhibuisse
662 307 973 416 anaiysrm'rtdem
1000 313 1323 402 feretrationme¹
1346 335 1399 389 ea

445 437 602 494 utuntur
616 419 879 499 Recentioresa
897 421 1071 498 nrcaiiud
1098 419 1310 496 discriminis
1322 437 1397 495 oe·

312 531 316 538 '
387 608 389 612 ¹
446 545 598 612 currere,
610 550 715 620 quam
730 525 827 627 quod
845 523 869 597 ii
883 526 1075 603 dumtaxat
1090 545 1276 600 numerum
1288 545 1399 620 quae·

445 628 551 700 fitrrm
566 670 577 706 r
593 628 737 728 ejumue
760 623 952 728 potestates
980 629 1151 731 symbolis
1177 623 1397 727 quibusdam

443 727 673 828 designabant
691 789 701 818 ,
718 753 885 806 numeros
899 749 1016 808 autem
1030 734 1152 812 datos·
1164 757 1205 808 ec
1219 733 1397 829 cognitos

445 837 600 932 propriis
618 837 688 910 suis
700 833 963 910 charaeieribtrs
979 833 1302 934 exprimebantAEx
1314 855 1398 933 quo

446 937 554 1010 fiebat
568 983 580 1020 ‚
596 957 638 1013 ut
657 941 811 1037 ipsorum
829 941 1026 1016 solutiones
1042 941 1084 1023 iir
1098 959 1239 1015 tantum
1252 939 1400 1014 casibus

444 1041 553 1113 eii‘ent
567 1046 801 1120 accomodata
817 1097 829 1130 ,
845 1051 882 1118 in
907 1043 1043 1141 quibus
1069 1041 1283 1140 questiones
1307 1064 1400 1138 pro·

444 1147 694 1243 posrroeorant.

502 1271 560 1346 13·
599 1256 685 1355 Qua
698 1273 786 1330 vero
802 1255 939 1328 ratione
953 1253 1061 1328 iidem
1076 1253 1227 1329 Veteres
1242 1247 1279 1321 in
1291 1267 1395 1346 quer·

373 1379 380 1394 ·
448 1351 624 1428 stionibus
639 1357 871 1452 geometricis
899 1357 1067 1454 analysrm
1081 1355 1123 1428 ad
1140 1354 1275 1451 praxim
1289 1374 1395 1426 revo-

447 1451 573 1532 cabant
589 1479 602 1537 ς
621 1459 655 1530 id
672 1461 748 1535 sane
764 1485 810 1536 ex
829 1459 997 1537 omnibns
1014 1459 1131 1552 priscae
1161 1461 1276 1531 aetatia
1300 1457 1399 1530 Geo-

448 1569 569 1634 metris
586 1617 596 1652 ,
614 1583 691 1640 tum
720 1565 936 1663 potiiiimum
950 1591 995 1641 ex
1011 1561 1134 1658 Pappo
1149 1609 1159 1642 2
1177 1565 1212 1639 &
1241 1561 1401 1656 Apollo·

449 1667 512 1740 nio
526 1688 645 1742 eruere
659 1671 744 1746 iicet
760 1669 857 1748 ‚Etsi
870 1671 964 1744 enim
989 1669 1107 1742 adhuc
1123 1667 1296 1742 dubitent
1324 1664 1401 1738 Re.

449 1771 629 1844 centiores
645 1817 657 1854 ,
672 1798 758 1848 num
776 1773 945 1848 inertum
959 1767 1193 1872 questionum
1207 1767 1402 1842 reioirrtio-

450 1871 806 1970 neatiqnamcaicntr
836 1879 981 1972 speciem
1011 1877 1257 1971 usurpaverint
1287 1873 1403 1945 Vete-

359 2007 363 2016 ·
450 1975 688 2052 restaudaiie'r
701 1995 817 2052 tamen
832 1983 1001 2056 affirmare
1017 2001 1089 2050 non
1102 2000 1278 2056 veremur,
1295 1972 1400 2048 trium

353 2079 356 2085 '
449 2077 599 2176 rnriysrr
615 2079 652 2158 in
666 2085 867 2159 Geonretria
881 2087 983 2159 taicm
998 2089 1146 2158 omnino
1174 2081 1277 2157 forise
1301 2077 1402 2176 apud

450 2205 514 2259 eos
529 2236 541 2272 ,
554 2185 693 2284 qualern
707 2191 743 2258 in
759 2186 914 2282 ipsorum
928 2187 1097 2287 operibus
1113 2194 1283 2262 cernitur.

504 2390 537 2468 1.
558 2395 715 2496 ¹Artaiystt
739 2401 905 2578 Veterem!
916 2396 1126 2494 geometrica
1141 2393 1351 2495 [aromatite

823 2521 888 2604 exp
903 2508 1036 2582 batur.

512 2725 569 2800 14-
731 2708 830 2790 Uum
843 2715 996 2794 Veteres
1012 2735 1072 2810 per
1085 2703 1249 2807 amiyim
1264 2701 1406 2806 proble-

500 2857 504 2866 ·
744 2817 1010 2916 marisaiicujrrs
1037 2817 1246 2912 geometrici
1273 2805 1405 2886 resolu-

458 2920 594 2991 tionem
605 2923 912 3015 aggrediebantur
927 2973 939 3008 ,
952 2920 1097 2994 duobus
1128 2916 1267 2992 hiscere
1283 2918 1406 2988 eonti-

461 3018 561 3088 bant.
577 3010 698 3093 Primo
713 3047 840 3120 nempe
855 3022 1154 3118 ponebanr‚veiut
1164 3019 1234 3118 jam
1249 3013 1402 3094 fatiam.

461 3137 525 3193 rut
540 3123 729 3198 inventum
745 3126 779 3194 id
795 3179 807 3212 ,
821 3128 921 3224 quod
937 3127 974 3199 in
992 3121 1210 3225 problemate
1224 3115 1405 3220 quereba-

461 3241 547 3296 tur.
574 3225 716 3302 Deinde
734 3271 745 3310 .
763 3229 971 3304 reioivendo
986 3277 997 3311 ‚
1011 3231 1170 3328 eousque
1196 3223 1405 3324 progredie-

462 3325 619 3410 bantur,
636 3329 765 3430 surque
778 3333 965 3408 ratiocinia
990 3331 1247 3430 promovebant
1264 3329 1403 3414 ,donec

416 3473 419 3478 ·
461 3435 498 3504 in
512 3433 648 3532 aliquid
676 3435 877 3512 incidiffent
891 3490 903 3526 ‚
916 3438 1015 3533 quod
1029 3463 1098 3536 qua
1113 3437 1187 3510 fieri
1202 3453 1293 3519 ,aut
1308 3435 1407 3508 inve·

461 3541 529 3608 oiri
545 3541 658 3632 poiiet
674 3547 895 3631 retinueram
911 3535 1050 3616 contiis
1064 3540 1405 3637 cognitumeiietatc

461 3643 716 3738 exploratum.
732 3645 780 3721 Et
794 3647 937 3745 quidem
951 3653 987 3720 in
1002 3645 1178 3745 positione
1203 3643 1306 3718 nulio
1331 3657 1405 3739 epar

462 3741 1406 3846 oporartificioamaximoautrmopuserrrininsti.

393 3851 399 3872 ’
979 3859 985 3872 ’
1252 3871 1358 3928 tuen·
