3012 4810
522 382 568 451 “³⁸
691 371 891 449 '‘AIGEBR'AE
913 371 1227 446 testimonum

472 467 578 539 ‘ai-aa
595 517 604 547 .
619 475 719 570 quod
732 472 780 548 est
791 475 1004 571 quadratum
1018 471 1171 544 dimidiae
1187 469 1252 546 BC
1267 524 1279 558 ,
1293 465 1432 546 summa

485 572 661 648 evaditb²
680 632 689 664 ,
706 579 805 676 quod
821 576 870 650 est
886 577 1096 673 quadratum
1124 574 1235 670 ipfius
1264 573 1364 654 Οὓς
1384 575 1430 648 ii·

486 694 573 772 quet
589 724 600 759 .
617 677 864 780 retianguium
880 679 983 756 ΑΗΒ
998 700 1157 752 unacum
1172 678 1240 754 BC
1252 680 1433 776 quadrato

358 793 360 800 ’
485 788 620 876 {equale
647 787 713 859 ess'e
727 788 907 884 quadrato
920 809 965 858 ex
983 780 1079 856 CD.
1109 786 1310 882 Quumque
1340 806 1450 879 qua·-

479 884 583 956 'drata
599 915 644 964 ex
658 891 763 982 ὄψα
777 935 788 972 ‚
803 893 836 968 8<
852 893 974 964 bo—oo
992 887 1088 959 ssmtri
1117 887 1184 960 stnt
1201 887 1269 956 2b³
1287 893 1329 969 *i-
1346 899 1432 964 au²t

483 1007 581 1084 patet
595 1018 743 1094 quoque
760 1040 771 1076 ‚
788 992 958 1090 quadrata
970 1014 1016 1065 ex
1035 989 1109 1062 AD
1125 1033 1136 1072 r
1153 987 1220 1062 BD
1234 990 1343 1088 dupla
1357 987 1428 1062 effe

482 1093 759 1200 quadratorum,
774 1121 853 1197 qua
867 1096 962 1170 frunt
978 1117 1025 1169 ex
1040 1093 1110 1170 AC
1124 1149 1134 1180 ,
1153 1093 1241 1169 CD.
1335 1117 1338 1122 ·

478 1299 547 1378 ΠΙ·
572 1306 802 1407 AEquatr'om'r
826 1307 921 1378 inter
949 1299 1132 1396 cognitor,
1152 1285 1206 1382 ⁵&
1229 1301 1431 1400 incognitas

749 1407 1155 1511 quontitaterr’noentr'o.

483 1612 589 1713 9’8.
644 1614 677 1789 l
699 1617 867 1712 Mposrtis
891 1612 1125 1692 nominibus,
1144 1628 1221 1688 tum
1248 1616 1430 1735 cognitis,

708 1747 788 1797 cnm
804 1719 1001 1819 'incognitis
1016 1716 1285 1816 quantitatibus
1304 1721 1370 1800 ,in
1389 1720 1428 1792 id

477 1821 647 1916 deinceps
664 1824 962 1904 incumbendum,
978 1841 1046 1910 ut,
1065 1821 1166 1894 nuiio
1182 1816 1279 1894 faiio
1303 1822 1428 1896 discri-

481 1927 681 1998 mineinter
708 1931 929 2024 quantitates
958 1929 1057 2001 ilias
1089 1924 1183 1997 cous
1189 1925 1359 2000 derentur
1385 1949 1428 1999 o·

480 2051 577 2102 mnes
591 2029 787 2124 promiscue
802 2078 813 2116 ‚
831 2029 958 2108 vcittt
945 2053 1011 2126 qam
1028 2047 1125 2103 notu
1138 2084 1147 2118 ‚
1162 2029 1196 2103 bt
1214 2027 1324 2125 ipbus
1341 2053 1428 2126 pro.

480 2133 643 2206 biematis
669 2138 898 2210 conditiones
924 2149 968 2208 co
986 2135 1096 2234 usque
1125 2135 1369 2220 evolvantur,
1386 2129 1428 2206 ao

478 2237 621 2311 interie
636 2255 766 2310 mutuo
778 2259 1039 2336 comparentur,
1053 2241 1167 2312 donee
1183 2259 1252 2308 una
1267 2236 1430 2316 ‚eadem-

478 2347 759 2439 que'quantitas
783 2342 928 2418 duobus
957 2345 1073 2417 modis
1098 2340 1243 2414 divertas
1268 2337 1427 2438 exprimi

478 2445 583 2536 poffit
600 2497 610 2517 .
627 2447 746 2530 Nam,
763 2471 874 2544 quum
888 2447 979 2524 binae
995 2445 1066 2523 isste
1081 2442 1316 2541 expressiones
1346 2451 1428 2534 uni,

479 2549 668 2647 eidemque
681 2553 877 2648 quantitati
891 2551 1108 2624 conveniant
1123 2569 1135 2627 3
1152 2547 1280 2622 eaedem
1307 2571 1427 2646 arqua-

480 2653 531 2724 ies
556 2673 664 2726 erunt
682 2662 775 2728 inter
788 2655 820 2726 se
838 2655 1101 2752 eupropterea
1119 2707 1130 2738 ,
1149 2650 1310 2724 instituta
1327 2652 1425 2725 inter
1498 2683 1500 2704 ε

479 2759 751 2860 easaequaiitate
765 2781 828 2856 per
852 2759 991 2858 figuum
1019 2757 1111 2831 istud
1127 2789 1174 2829 ε
1191 2805 1201 2840 ,
1218 2753 1424 2832 invenietur
1498 2785 1500 2820 1

480 2863 575 2936 inter
591 2865 755 2960 cognitas
771 2909 782 2945 ‚
797 2865 833 2942 8ι
849 2867 1051 2960 incognitas
1066 2865 1288 2958 quantitates
1299 2880 1426 2956 aqua.

478 2973 536 3037 tio
550 3009 562 3047 r
576 2963 763 3063 cujusope
777 2963 879 3043 facua
904 2971 972 3039 erit
987 3017 997 3053 ,
1013 2969 1121 3039 unius
1146 2988 1193 3040 ex
1217 2962 1425 3060 incognitis
1493 2997 1498 3056 -;

477 3069 741 3164 quantitatibus
758 3071 911 3145 valorem
928 3071 1098 3146 invenire.

532 3195 595 3268 99.
641 3169 733 3268 Jam,
747 3195 860 3270 quum
874 3173 1054 3270 problema
1068 3167 1424 3256 estoeterminrrum.

479 3279 563 3368 quia
577 3297 743 3348 numerus
758 3277 923 3352 datorum
940 3325 951 3358 ‚
967 3305 985 3350 a
1001 3279 1031 3352 se
1046 3293 1177 3354 mutuo
1189 3295 1263 3350 non
1277 3273 1420 3369 depen.

346 3393 350 3404 ·
368 3413 377 3429 ·
434 3395 449 3434 ι’
472 3377 665 3459 aeneum.
681 3383 906 3475 quaefirorum
922 3405 1106 3458 numerum
1120 3381 1287 3478 adaquat
1303 3399 1316 3430 ⁸
1332 3423 1344 3460 2
1359 3396 1422 3478 tot

481 3479 838 3580 iicebitaequotiones
851 3488 1022 3573 invenire,
1039 3501 1134 3586 quot
1148 3499 1348 3558 occurrunt
1364 3493 1422 3560 iu·

476 3586 634 3681 eognitae
648 3588 889 3685 quantitates.
906 3587 977 3664 Sea
993 3592 1035 3664 iia
1051 3591 1220 3673 inventis,
1234 3589 1272 3660 in
1288 3590 1320 3660 id
1335 3611 1423 3683 por.

467 3689 519 3760 ‘ro
532 3713 672 3786 operam
686 3691 842 3767 dandum
859 3739 868 3774 ‚
884 3712 925 3767 ut
941 3717 988 3770 ex
1001 3693 1169 3770 omnibus
1185 3692 1269 3778 titis,
1284 3714 1346 3788 pet
1358 3695 1422 3768 de·

476 3791 570 3868 bitas
587 3795 880 3884 substitutiones,
895 3821 985 3871 nova
999 3799 1159 3900 quaedam
1171 3799 1331 3893 aequatio
1354 3797 1424 3874 de·

469 3895 655 3992 bucmar,
671 3906 906 4000 quaeunicrm
933 3903 1125 3979 dumtaxat
1150 3905 1339 3979 contineat
1364 3908 1424 3980 in·

1299 4027 1365 4080 eo·
